<?xml version="1.0" encoding="UTF-8"?><collection xmlns="http://www.loc.gov/MARC21/slim"><record><leader>00507nam--2200193-i-4500</leader><controlfield tag="001">000041441</controlfield><controlfield tag="002">20161230</controlfield><controlfield tag="005">20161230201043</controlfield><controlfield tag="008">060222s1000------------r-----000-0-eng-d</controlfield><datafield ind1=" " ind2=" " tag="020"><subfield code="a">012450650X</subfield></datafield><datafield ind1=" " ind2=" " tag="040"><subfield code="a">IFIN-HH</subfield></datafield><datafield ind1=" " ind2=" " tag="080"><subfield code="a">535.513</subfield></datafield><datafield ind1="1" ind2=" " tag="100"><subfield code="a">Lin, Sheng Hsien</subfield></datafield><datafield ind1="1" ind2="0" tag="245"><subfield code="a">Radiationless transitions</subfield><subfield code="c">SHENG HSIEN LIN (Ed.)</subfield></datafield><datafield ind1=" " ind2=" " tag="260"><subfield code="a">SAN FRANCISCO</subfield><subfield code="b">Academic Press</subfield><subfield code="c">1980</subfield></datafield><datafield ind1=" " ind2=" " tag="300"><subfield code="a">X + 425 P</subfield></datafield><datafield ind1=" " ind2="0" tag="650"><subfield code="a">Excited State Cemistry</subfield></datafield><datafield ind1=" " ind2=" " tag="852"><subfield code="a">47981</subfield><subfield code="c">535.33</subfield></datafield><datafield ind1=" " ind2=" " tag="CAT"><subfield code="a">Sys</subfield><subfield code="c">20101216</subfield><subfield code="h">111443</subfield></datafield></record></collection>